%Bibliografia

@article{instrukcja,
	author               = {Instrukcja do zadania 1. https://ftims.edu.p.lodz.pl/mod/url/view.php?id=6495},
	journal              = {},
	title                = {},
	year                 = {},
}
