%Bibliografia

@article{instrukcja,
	author               = {Instrukcja do zadania 2: \\ https://ftims.edu.p.lodz.pl/pluginfile.php/14039/mod_resource/content/1/zad3.pdf,
	journal              = {},
	title                = {},
	year                 = {},
}