%Bibliografia

@article{instrukcja,
	author               = {Instrukcja do zadania 1. https://ftims.edu.p.lodz.pl/mod/url/view.php?id=6495},
	journal              = {},
	title                = {},
	year                 = {},
}

@article{wpf,
	author               = {Windows Presentation Foundation. https://docs.microsoft.com/pl-pl/dotnet/framework/wpf/},
	journal              = {},
	title                = {},
	year                 = {},
}

@article{livechart,
	author               = {Biblioteka LiveCharts. https://lvcharts.net/},
	journal              = {},
	title                = {},
	year                 = {},
}