%Bibliografia

@article{instrukcja,
	author               = {Instrukcja do zadania 4: \\ https://ftims.edu.p.lodz.pl/pluginfile.php/14303/mod\_resource/content/0/zadanie4.pdf},
	journal              = {},
	title                = {},
	year                 = {},
}